@article{poliak2020survey,
  title={A Survey on Recognizing Textual Entailment as an NLP Evaluation},
  author={Poliak, Adam},
  journal={arXiv preprint arXiv:2010.03061},
  year={2020}
}

@article{gebru2021datasheets,
  title={Datasheets for Datasets},
  author={Gebru, Timnit and Morgenstern, Jamie and Vecchione, Briana and Vaughan, Jennifer Wortman and Wallach, Hanna and Daum{\'e} III, Hal and Crawford, Kate},
  journal={Communications of the ACM},
  volume={64},
  number={12},
  pages={86--92},
  year={2021},
  publisher={ACM New York, NY, USA}
}

@article{liu2023lost,
  title={Lost in the Middle: How Language Models Use Long Contexts},
  author={Liu, Nelson F. and Lin, Kevin and Hewitt, John and Paranjape, Ashwin and Bevilacqua, Michele and Petroni, Fabio and Liang, Percy},
  journal={arXiv preprint arXiv:2307.03172},
  year={2023}
}

@article{mosbach2023few,
  title={Few-shot Fine-tuning vs. In-context Learning: A Fair Comparison and Evaluation},
  author={Mosbach, Marius and Pimentel, Tiago and Ravfogel, Shauli and Klakow, Dietrich and Elazar, Yanai},
  journal={arXiv preprint arXiv:2303.07295},
  year={2023}
}

@article{askell2021general,
  title={A General Language Assistant as a Laboratory for Alignment},
  author={Askell, Amanda and Bai, Yuntao and Chen, Anna and Drain, Dawn and Ganguli, Deep and Henighan, Tom and Jones, Andy and Joseph, Nicholas and Mann, Ben and DasSarma, Nova and Elhage, Nelson and Hatfield-Dodds, Zac and Hernandez, Danny and Kernion, Jackson and Ndousse, Kamal and Olsson, Catherine and Amodei, Dario and Brown, Tom and Clark, Jack and McCandlish, Sam and Olah, Chris},
  journal={arXiv preprint arXiv:2112.00861},
  year={2021}
}

@article{elhoushi2024layerskip,
  title={LayerSkip: Enabling Early Exit Inference and Self-Speculative Decoding},
  author={Elhoushi, Mostafa and Shrivastava, Akshat and Liskovich, Diana and Hosmer, Basil and Wasti, Bram and Lai, Liangzhen and Mahmoud, Anas and Acun, Bilge and Agrawal, Saurabh and Roman, Ahmed and Aly, Ahmed A and Chen, Beidi and Jean-Wu, Carole},
  journal={arXiv preprint arXiv:2402.08845},
  year={2024}
}